@article{blinn,
author= "Blinn, James F.",
title= "Simulation of Wrinkled Surfaces",
volume= "12",
DOI="10.1145/965139.507101",
number="3",
journal="ACM SIGGRAPH Computer Graphics",
year="1978",
pages="286-292"
},

@book{watt,
author= "Watt, Alan H.",
title= "Advanced Animation and Rendering Techniques: Theory and Practise",
publisher= "ACM Press",
year= "1992"
},

@article{roth,
title = "Ray casting for modeling solids",
journal = "Computer Graphics and Image Processing",
volume = "18",
number = "2",
pages = "109 - 144",
year = "1982",
note = "",
issn = "0146-664X",
doi = "http://dx.doi.org/10.1016/0146-664X(82)90169-1",
url = "http://www.sciencedirect.com/science/article/pii/0146664X82901691",
author = "Roth, Scott D ",
},

@book{glassner,
title="An Introduction to Ray Tracing",
author="Glassner, Andrew S.",
publisher="Elsevier",
year="1989"
},

@misc{prim_web,
author= "Drakos, Nikos",
title="Ray tracing primitives",
note={\url{https://www.cl.cam.ac.uk/teaching/1999/AGraphHCI/SMAG/node2.html}},
journal= "Cl.cam.ac.uk",
year="1997",
urldate = "2017-3-9"
},

@misc{sphere_web,
title="UV Mapping",
author= "Wikipedia",
note={\url{https://en.wikipedia.org/w/index.php?title=UV\_mapping\&oldid=771082244}},
year="2017",
urldate = "2017-4-4"
},

@misc{lectures_general,
author = "Baranoski, Gladimir V. G.",
institution = "University of Waterloo",
howpublished = "University Lecture",
year = "2017",
title = "Introduction to Computer Graphics"
},

@misc{lectures_text,
author = "Baranoski, Gladimir V. G.",
institution = "University of Waterloo",
howpublished = "University Lecture",
year = "2017",
title = "Introduction to Computer Graphics: Texture Mapping"
},

@misc{lectures_refl,
author = "Baranoski, Gladimir V. G.",
institution = "University of Waterloo",
howpublished = "University Lecture",
year = "2017",
title = "Introduction to Computer Graphics: Reflection and Refraction"
},

@misc{lectures_bump,
author = "Baranoski, Gladimir V. G.",
institution = "University of Waterloo",
howpublished = "University Lecture",
year = "2017",
title = "Introduction to Computer Graphics: Bump Mapping"
},

@article{blinn_newell,
author="Blinn, James F. and Newell, Martin E.",
title="Texture and reflection in computer generated images",
volume="19",
DOI="10.1145/360349.360353",
number="10",
journal="Communications of the ACM",
year="1976",
pages="542-547"
},

@book{shirley,
 author = {Shirley, Peter and Ashikhmin, Michael and Marschner, Steve},
 title = {Fundamentals of Computer Graphics},
 year = {2005},
 isbn = {1568812698, 9781568812694},
 edition = {2nd},
 publisher = {A. K. Peters, Ltd.},
 address = {Natick, MA, USA},
}, 

@book{hecht,
 author = {Hecht, Eugene},
 title = {Optics},
 year = {2002},
 edition = {4th},
 publisher = {Pearson Education, Inc},
 pages = {116}
}, 

@article{mitchell,
  title="The antialiasing problem in ray tracing",
  author="Mitchell, Don P",
  journal = "SIGGRAPH 1990 Course Notes",
  year = {1990}
},

@article{hughes,
  title="Building an orthonormal basis from a unit vector",
  author="Hughes, John F and Moller, Tomas",
  journal="Journal of Graphics Tools",
  volume="4",
  number="4",
  pages="33--35",
  year="1999",
  publisher="Taylor \& Francis"
},

@misc{de_greve,
author="de Greve, Bram",
title="Reflections and Refractions in Ray Tracing",
url="http://graphics.stanford.edu/courses/cs148-10-summer/docs/2006--degreve--reflection\_refraction.pdf",
urldate="2017-3-9",
journal="Graphics.stanford.edu",
year="2006"
}